@article{eades1984heuristic,
  title={A heuristic for graph drawing},
  author={Eades, Peter},
  journal={Congressus numerantium},
  volume={42},
  pages={149--160},
  year={1984}
}

@article{tutte1963draw,
  title={How to draw a graph},
  author={Tutte, William Thomas},
  journal={Proceedings of the London Mathematical Society},
  volume={3},
  number={1},
  pages={743--767},
  year={1963},
  publisher={Wiley Online Library}
}

@article{Knott:1977:NSB:359423.359434,
 author = {Knott, Gary D.},
 title = {A Numbering System for Binary Trees},
 journal = {Commun. ACM},
 issue_date = {Feb. 1977},
 volume = {20},
 number = {2},
 month = feb,
 year = {1977},
 issn = {0001-0782},
 pages = {113--115},
 numpages = {3},
 url = {http://doi.acm.org/10.1145/359423.359434},
 doi = {10.1145/359423.359434},
 acmid = {359434},
 publisher = {ACM},
 address = {New York, NY, USA},
 keywords = {binary search trees, binary trees, permutations, ranking function},
} 

@article{supowit1983complexity,
  title={The complexity of drawing trees nicely},
  author={Supowit, Kenneth J and Reingold, Edward M},
  journal={Acta Informatica},
  volume={18},
  number={4},
  pages={377--392},
  year={1983},
  publisher={Springer}
}

@book{Battista:1998:GDA:551884,
 author = {Battista, Giuseppe Di and Eades, Peter and Tamassia, Roberto and Tollis, Ioannis G.},
 title = {Graph Drawing: Algorithms for the Visualization of Graphs},
 year = {1998},
 isbn = {0133016153},
 edition = {1st},
 publisher = {Prentice Hall PTR},
 address = {Upper Saddle River, NJ, USA},
} 

@software{eigen,
  title={Eigen: a C++ linear algebra library},
  author={Guennebaud, Gael and Jacob, Benoit and others},
  url={http://eigen.tuxfamily.org/},
  version={3.3.4},
  year={2017-06-17}
}

@software{glpk,
  author = {Andrew Makhorin},
  title = {GNU Linear Programming Kit},
  url = {https://www.gnu.org/software/glpk/},
  version = {4.64},
  date = {2018-02-16},
}